<record><leader>00000cas a2200000 a 4500</leader><controlfield tag="001">12679766</controlfield><controlfield tag="008">851016d18881889ksuwr ne      0    0eng d</controlfield><datafield ind1=" " ind2=" " tag="010"><subfield code="a">sn 85029829 </subfield></datafield><datafield ind1=" " ind2=" " tag="040"><subfield code="a">KSH</subfield><subfield code="b">eng</subfield><subfield code="c">KSH</subfield><subfield code="d">NPT</subfield><subfield code="d">OCL</subfield><subfield code="d">OCLCQ</subfield></datafield><datafield ind1=" " ind2=" " tag="042"><subfield code="a">msc</subfield></datafield><datafield ind1="0" ind2=" " tag="130"><subfield code="a">Athol news (Athol, Kan. : 1888)</subfield></datafield><datafield ind1="1" ind2="4" tag="245"><subfield code="a">The Athol news.</subfield></datafield><datafield ind1=" " ind2=" " tag="260"><subfield code="a">Athol, Kan. :</subfield><subfield code="b">M.L. &amp; Katie Lockwood,</subfield><subfield code="c">1888-</subfield></datafield><datafield ind1=" " ind2=" " tag="300"><subfield code="a">v. ;</subfield><subfield code="c">52-62 cm.</subfield></datafield><datafield ind1=" " ind2=" " tag="310"><subfield code="a">Weekly,</subfield><subfield code="b">Dec. 15, 1888-</subfield></datafield><datafield ind1=" " ind2=" " tag="321"><subfield code="a">Biweekly,</subfield><subfield code="b">Nov. 24-Dec. 8, 1888</subfield></datafield><datafield ind1="0" ind2=" " tag="362"><subfield code="a">Vol. 1, no. 1 (Nov. 24, 1888)-</subfield></datafield><datafield ind1="1" ind2=" " tag="362"><subfield code="a">Ceased with June 22, 1889 issue?</subfield></datafield><datafield ind1=" " ind2=" " tag="550"><subfield code="a">"Organ of the Union Labor party of Smith County," May 11-June 22, 1889.</subfield></datafield><datafield ind1=" " ind2=" " tag="580"><subfield code="a">Also published Union labor trumpet.</subfield></datafield><datafield ind1=" " ind2=" " tag="752"><subfield code="a">United States</subfield><subfield code="b">Kansas</subfield><subfield code="c">Smith</subfield><subfield code="d">Athol.</subfield></datafield><datafield ind1="1" ind2=" " tag="787"><subfield code="t">Union labor trumpet</subfield><subfield code="w">(DLC)sn 85032296</subfield></datafield><datafield ind1="1" ind2=" " tag="029"><subfield code="a">AU@</subfield><subfield code="b">000022172626</subfield></datafield></record>